@article{abdelhafez2019gradient,
  title={Gradient-based optimal control of open quantum systems using quantum trajectories and automatic differentiation},
  author={Abdelhafez, Mohamed and Schuster, David I and Koch, Jens},
  journal={Physical Review A},
  volume={99},
  number={5},
  pages={052327},
  year={2019},
  publisher={APS}
}

@article{han2020experimental,
  title={Experimental Realization of Universal Time-optimal non-Abelian Geometric Gates},
  author={Han, Zhikun and Dong, Yuqian and Liu, Baojie and Yang, Xiaopei and Song, Shuqing and Qiu, Luqing and Li, Danyu and Chu, Ji and Zheng, Wen and Xu, Jianwen and others},
  journal={arXiv preprint arXiv:2004.10364},
  year={2020}
}

@article{huang2020engineering,
  title={Engineering Dynamical Sweet Spots to Protect Qubits from 1/$ f $ Noise},
  author={Huang, Ziwen and Mundada, Pranav S and Gyenis, Andr{\'a}s and Schuster, David I and Houck, Andrew A and Koch, Jens},
  journal={arXiv preprint arXiv:2004.12458},
  year={2020}
}

@article{leung2017speedup,
  title={Speedup for quantum optimal control from automatic differentiation based on graphics processing units},
  author={Leung, Nelson and Abdelhafez, Mohamed and Koch, Jens and Schuster, David},
  journal={Physical Review A},
  volume={95},
  number={4},
  pages={042318},
  year={2017},
  publisher={APS}
}

@article{merrill2014progress,
  title={Progress in compensating pulse sequences for quantum computation},
  author={Merrill, J True and Brown, Kenneth R},
  journal={Quantum Information and Computation for Chemistry},
  pages={241--294},
  year={2014},
  publisher={Wiley Online Library}
}

@article{wang2007nonadiabatic,
  title={Nonadiabatic geometric quantum computation},
  author={Wang, ZS and Wu, Chunfeng and Feng, Xun-Li and Kwek, Leong Chuan and Lai, CH and Oh, Choo Hiap and Vedral, Vlatko},
  journal={Physical Review A},
  volume={76},
  number={4},
  pages={044303},
  year={2007},
  publisher={APS}
}